@article{попов1история,
	title={История создания шифровальной машины {\guillemotleft}Enigma{\guillemotright}},
	author={Попов, Юрий Леонидович and Томашевский, Павел Русланович},
	journal={ББК 1 Н 34},
	pages={1883}
}

@article{шолин2018алгоритм,
	title={АЛГОРИТМ ПЕРЕНОСНОЙ ШИФРОВАЛЬНОЙ МАШИНЫ ЭНИГМА},
	author={Шолин, И М and Чубырь, Н О},
	journal={Форум молодых ученых},
	number={10 (26)},
	pages={1352--1356},
	year={2018},
	publisher={ООО {\guillemotleft}Институт управления и социально-экономического развития{\guillemotright}}
}

@article{бабаш2015информационная,
	title={Информационная безопасность},
	author={Бабаш, А В and Баранова, Е К and Ларин, Д А},
	journal={История защиты информации в России--Москва},
	year={2015}
}

